% Encoding: UTF-8

@article{park1996modeling,
  title={Modeling and solving the spatial block scheduling problem in a shipbuilding company},
  author={Park, Kyungchul and Lee, Kyungsik and Park, Sungsoo and Kim, Sunghwan},
  journal={Computers \& industrial engineering},
  volume={30},
  number={3},
  pages={357--364},
  year={1996},
  publisher={Elsevier}
}

@article{gonccalves2013biased,
  title={A biased random key genetic algorithm for 2D and 3D bin packing problems},
  author={Gon{\c{c}}alves, Jos{\'e} Fernando and Resende, Mauricio GC},
  journal={International Journal of Production Economics},
  volume={145},
  number={2},
  pages={500--510},
  year={2013},
  publisher={Elsevier}
}

@article{lodi2002heuristic,
  title={Heuristic algorithms for the three-dimensional bin packing problem},
  author={Lodi, Andrea and Martello, Silvano and Vigo, Daniele},
  journal={European Journal of Operational Research},
  volume={141},
  number={2},
  pages={410--420},
  year={2002},
  publisher={Elsevier}
}
@article{martello2000three,
  title={The three-dimensional bin packing problem},
  author={Martello, Silvano and Pisinger, David and Vigo, Daniele},
  journal={Operations research},
  volume={48},
  number={2},
  pages={256--267},
  year={2000},
  publisher={INFORMS}
}

@article{erbayrak2021multi,
  title={Multi-objective 3D bin packing problem with load balance and product family concerns},
  author={Erbayrak, Seda and {\"O}zk{\i}r, Vildan and Y{\i}ld{\i}r{\i}m, U Mahir},
  journal={Computers \& Industrial Engineering},
  volume={159},
  pages={107518},
  year={2021},
  publisher={Elsevier}
}

@inproceedings{zhao2021online,
  title={Online 3D bin packing with constrained deep reinforcement learning},
  author={Zhao, Hang and She, Qijin and Zhu, Chenyang and Yang, Yin and Xu, Kai},
  booktitle={Proceedings of the AAAI Conference on Artificial Intelligence},
  volume={35},
  number={1},
  pages={741--749},
  year={2021}
}

@article{wascher2007improved,
  title={An improved typology of cutting and packing problems},
  author={W{\"a}scher, Gerhard and Hau{\ss}ner, Heike and Schumann, Holger},
  journal={European journal of operational research},
  volume={183},
  number={3},
  pages={1109--1130},
  year={2007},
  publisher={Elsevier}
}

@article{lopez2014unified,
  title={A unified hyper-heuristic framework for solving bin packing problems},
  author={L{\'o}pez-Camacho, Eunice and Terashima-Marin, Hugo and Ross, Peter and Ochoa, Gabriela},
  journal={Expert Systems with Applications},
  volume={41},
  number={15},
  pages={6876--6889},
  year={2014},
  publisher={Elsevier}
}
@article{martello1998exact,
  title={Exact solution of the two-dimensional finite bin packing problem},
  author={Martello, Silvano and Vigo, Daniele},
  journal={Management science},
  volume={44},
  number={3},
  pages={388--399},
  year={1998},
  publisher={INFORMS}
}
@article{faroe2003guided,
  title={Guided local search for the three-dimensional bin-packing problem},
  author={Faroe, Oluf and Pisinger, David and Zachariasen, Martin},
  journal={Informs journal on computing},
  volume={15},
  number={3},
  pages={267--283},
  year={2003},
  publisher={INFORMS}
}

@inproceedings{wang2010hybrid,
  title={A hybrid genetic algorithm for 3D bin packing problems},
  author={Wang, Hongfeng and Chen, Yanjie},
  booktitle={2010 IEEE Fifth International Conference on Bio-Inspired Computing: Theories and Applications (BIC-TA)},
  pages={703--707},
  year={2010},
  organization={IEEE}
}

@inproceedings{karabulut2005hybrid,
  title={A hybrid genetic algorithm for packing in 3D with deepest bottom left with fill method},
  author={Karabulut, Korhan and {\.I}nceo{\u{g}}lu, Mustafa Murat},
  booktitle={Advances in Information Systems: Third International Conference, ADVIS 2004, Izmir, Turkey, October 20-22, 2004. Proceedings 3},
  pages={441--450},
  year={2005},
  organization={Springer}
}

@inproceedings{zhao2021learning,
  title={Learning efficient online 3d bin packing on packing configuration trees},
  author={Zhao, Hang and Yu, Yang and Xu, Kai},
  booktitle={International Conference on Learning Representations},
  year={2021}
}
@article{ramos2018new,
  title={A new load balance methodology for container loading problem in road transportation},
  author={Ramos, Ant{\'o}nio G and Silva, Elsa and Oliveira, Jos{\'e} F},
  journal={European Journal of Operational Research},
  volume={266},
  number={3},
  pages={1140--1152},
  year={2018},
  publisher={Elsevier}
}
@article{thi2011container,
  title={CONTAINER PACKING PROBLEM WITH BALANCE CONSTRAINTS},
  author={Thi, Viet Ly Nguyen and Moon, Il-Kyeong},
  journal={대한산업공학회 추계학술대회 논문집},
  pages={1243--1252},
  year={2011}
}
@Comment{jabref-meta: databaseType:biblatex;}
